<?xml version="1.0" encoding="UTF-8"?><collection xmlns="http://www.loc.gov/MARC21/slim"><record><leader>00432nam--2200157-i-4500</leader><controlfield tag="001">000023159</controlfield><controlfield tag="002">20161230</controlfield><controlfield tag="005">20170126001600</controlfield><controlfield tag="008">060222s1000------------r-----000-0-eng-d</controlfield><datafield ind1=" " ind2=" " tag="080"><subfield code="a">061.3:007:3:681.3.06</subfield></datafield><datafield ind1=" " ind2=" " tag="245"><subfield code="a">Information processing 71. Vol. 2 - Applications</subfield></datafield><datafield ind1=" " ind2=" " tag="260"><subfield code="a">Amsterdam</subfield><subfield code="b">North-Holland Publ.Comp</subfield><subfield code="c">1972</subfield></datafield><datafield ind1=" " ind2=" " tag="300"><subfield code="a">XV + /-780-1621/p</subfield></datafield><datafield ind1=" " ind2=" " tag="700"><subfield code="a">Freiman, C. V</subfield></datafield><datafield ind1=" " ind2=" " tag="852"><subfield code="a">37121</subfield></datafield><datafield ind1=" " ind2=" " tag="CAT"><subfield code="a">SYS</subfield><subfield code="c">20170126</subfield><subfield code="h">001600</subfield></datafield></record></collection>